@article{bib1,
  author  = {Smith, Rafael E. and Socarrás, Bárbaro N. and Vázquez, Carlos R},
  title   = {Aplicación Android para la adquisición inalámbrica y visualización de señales biomédicas},
  journal = {Revista de Información Científica},
  volume  = {101},
  number  = {3},
  year    = {2022},
  url     = {https://www.redalyc.org/articulo.oa?id=551771993001}
}

@article{bib2,
  author  = {Rodríguez , Pablo and Castro, Héctor and Pinedo, Carlos and Velasco , Jaime},
  title   = {Diseño de un Microsistema para Adquisición de Señales Cardiacas Usando FPAAs},
  journal = {{Grupo de Bio-nanoelectrónica EIEE. Universidad del Valle}},
  year    = {2023},
  url     = {http://161.111.232.132/iberchip2006/ponencias/77.pdf}
}

@misc{bib3,
  title  = {Procedimiento para la detección de señales balistocardiográficas y sistema que lo implementa},
  author = {Palma, Alberto and Martìnez, Celso and Castillo, Encranaciòn and García, Antonio and Capitán, Luis.F and Martínez, Antonio and Carvajal, Miguel.Á and Escobedo, Pablo.},
  url    = {https://patentimages.storage.googleapis.com/77/b5/9b/0fceec4eb8a2dc/WO2020136302A1.pdf},
  year   = {2020},
  note   = {Accessed: 2023-03-18}
}

@article{bib4,
  title   = {Aplicaciones de la inteligencia artificial en cardiología: el futuro ya está aquí},
  volume  = {72},
  issn    = {03008932},
  url     = {https://www.revespcardiol.org/es-aplicaciones-inteligencia-artificial-cardiologia-el-articulo-S0300893219302507},
  doi     = {https://doi.org/10.1016/j.recesp.2019.05.016},
  number  = {12},
  journal = {Revista Española de Cardiología},
  author  = {Dorado Díaz, P. Ignacio and Sampedro Gómez, Jesús and Vicente Palacios, Víctor and Sánchez, Pedro L.},
  year    = {2019},
  pages   = {1065--1075}
}

@article{bib5,
  title    = {A comprehensive study of machine learning for predicting cardiovascular disease using {Weka} and {SPSS} tools},
  volume   = {13},
  issn     = {20888708},
  url      = {https://bit.ly/3JHOJ36},
  doi      = {http://doi.org/10.11591/ijece.v13i2.pp1891-1902},
  language = {English},
  number   = {2},
  journal  = {International Journal of Electrical and Computer Engineering},
  author   = {Abuhaija, Belal and Alloubani, Aladeen and Almatari, Mohammad and Jaradat, Ghaith M. and Abdalla, Hemn Barzan and Abualkishik, Abdallah Mohd and Alsmadi, Mutasem Khalil},
  year     = {2023},
  note     = {Publisher: Institute of Advanced Engineering and Science
              Type: Article},
  pages    = {1891 -- 1902}
}

@book{bib6,
  title     = {Intelligent Sustainable Systems: Proceedings of ICISS 2021 (Lecture Notes in Networks and Systems, 213)},
  author    = {Jennifer S., Raj and Ram, Palanisamy and Isidoros, Perikos and Yong, Shi},
  publisher = {Springer},
  isbn      = {9811624216,9789811624216},
  year      = {2021},
  series    = {},
  edition   = {1st ed. 2022},
  volume    = {},
  url       = {http://gen.lib.rus.ec/book/index.php?md5=D3466E299E8201699E17D0E8E1EE4C2C}
}

@mastersthesis{bib7,
  type   = {Bachelor's thesis},
  title  = {Análisis Espacial De Las Enfermedades Cardiovasculares En México: Modelos Predictivo.},
  url    = {http://132.248.9.195/ptd2022/enero/0821498/Index.html},
  author = {Gonzélez Medina, Luis Eduardo},
  year   = {2022},
  school = {UNAM}
}

@article{bib8,
  title   = {Adquisición de señales analógicas de instrumentación con LOGO! Soft V8.3 mediante generador de señales y el sensor PT100},
  volume  = {7},
  url     = {https://ciencialatina.org/index.php/cienciala/article/view/5017},
  doi     = {https://doi.org/10.37811/cl_rcm.v7i1.5017},
  number  = {1},
  journal = {Ciencia Latina Revista Científica Multidisciplinar},
  author  = {Ortega Ordoñez, Roberto Carlos and Cobos Recalde, Luis Felipe and Segura Núñez, Germán Patricio and Sandoval Sandoval, Edwin Marcelo},
  year    = {2023},
  month   = {mar.},
  pages   = {7865-7880}
}

@article{bib9,
  title   = {Construcción de un sistema {Electrocardiográfico}  con conexión inalámbrica a teléfonos  inteligentes},
  volume  = {26},
  url     = {https://revistas.utp.edu.co/index.php/revistaciencia/article/view/23711},
  doi     = {https://doi.org/10.22517/23447214.23711},
  number  = {03},
  urldate = {2023-04-07},
  journal = {Scientia et Technica},
  author  = {Vargas-Cañas, Rubiel and Muñoz, Andres Ricardo and Campo Cuaran, Willian Andres},
  month   = sep,
  year    = {2021},
  note    = {Section: Mecánica},
  pages   = {269--277}
}

@article{bib10,
  author   = {Ahamed, Md. Asif and Hasan, Md. Kamrul and Alam, Md. Shahabul},
  journal  = {International Conference on Electrical \& Electronic Engineering (ICEEE)},
  title    = {Design and implementation of low cost ECG monitoring system for the patient using smartphone},
  year     = {2015},
  volume   = {},
  number   = {},
  pages    = {261-264},
  keywords = {},
  doi      = {https://doi.org/10.1109/CEEE.2015.7428272},
  url      = {https://ieeexplore.ieee.org/document/7428272}
}

@article{bib11,
  author  = {Rajkumar, A. and Ganesan, M. and Lavanya, R.},
  journal = {International Conference on Advanced Computing \& Communication Systems (ICACCS)},
  title   = {Arrhythmia classification on ECG using Deep Learning},
  year    = {2019},
  volume  = {5},
  number  = {},
  pages   = {365-369},
  doi     = {https://doi.org/10.1109/ICACCS.2019.8728362},
  url     = {https://ieeexplore.ieee.org/document/8728362}
}

@article{bib12,
  title   = {Arduino and Raspberry Pi based Efficient Patient Monitoring System},
  author  = {Prabu, K and Ravikumar, T},
  journal = {International Journal of Engineering Research \& Technology (IJERT) ICETET},
  year    = {2016},
  volume  = {Volume 4},
  url     = {https://www.ijert.org/arduino-and-raspberry-pi-based-efficient-patient-monitoring-system},
  issn    = {2278-0181}
}

@mastersthesis{bib13,
  type   = {Bachelor's thesis},
  title  = {Detección de arritmias cardiacas con redes neuronales artificiales},
  author = {Mangne Machaca, Dieter Ovidio},
  school = {UNIVERSIDAD MAYOR DE SAN ANDRÉS FACULTAD DE CIENCIAS PURAS Y NATURALES},
  url    = {{https://repositorio.umsa.bo/bitstream/handle/123456789/1485/T-1900.pdf?sequence=1&isAllowed=y}},
  year   = {2009}
}

@article{bib14,
  title    = {Revisión de metodologías ágiles para el desarrollo de software},
  author   = {Navarro, Andrés and  Fernández, Juan Daniel and Morales, Jonathan},
  year     = {2013},
  journal  = {PROSPECTIVA},
  volume   = {11},
  pages    = {30-39},
  issn     = {1692-8261},
  language = {Español},
  url      = {https://www.redalyc.org/articulo.oa?id=496250736004}
}

@article{bib15,
  title   = {An exploratory study on issues and challenges of agile software development with scrum},
  author  = {Cho, Juyun Joey},
  journal = {All Graduate theses and dissertations},
  pages   = {599},
  year    = {2010},
  doi     = {https://doi.org/10.26076/4055-b875},
  url     = {https://digitalcommons.usu.edu/etd/599}
}
@article{bib16,
  author   = {González Cervantes, Natalia and Espinoza Valdez, Aurora and Salido Ruiz, Ricardo},
  title    = {Potencial Eléctrico en el Corazón: Representación Mediante un Grafo},
  year     = {2016},
  journal  = {ReCIBE. Revista electrónica de Computación, Informática, Biomédica y Electrónica},
  issn     = {},
  language = {Español},
  url      = {https://www.redalyc.org/articulo.oa?id=512253114012}
}	    	
@book{bib17,
  author    = {J.J, Sutherland},
  editor    = {},
  publisher = {OCEANO},
  title     = {SCRUM: MANUAL DE CAMPO. Una clase magistral para acelerar el desempeño, obtener resultados y planear para el futuro},
  year      = {2020},
  isbn      = {978-607-557-191-1},
  edition   = {1 ed}
}

@book{bib18,
  title     = {Neural Networks and Deep Learning. A Textbook},
  author    = {Charu C. Aggarwal},
  publisher = {Springer},
  isbn      = {978-3-319-94463-0},
  year      = {2018},
  series    = {},
  edition   = {},
  volume    = {},
  url       = {http://gen.lib.rus.ec/book/index.php?md5=2f4d0e05eb1218c27e23558b60c48735}
}

@misc{bib19,
  author       = {{Anadigm. Inc}},
  howpublished = {\url{https://www.anadigm.com/documents/AN221E04-1.pdf}},
  title        = {AN221E04 Datasheet Dynamically Reconfigurable FPAA With Enhanced I/O},
  year         = {2012}
}

@book{bib20,
   title =     {Fixing Your Scrum: Practical Solutions to Common Scrum Problems},
   author =    {Ryan Ripley, Todd Miller},
   publisher = {Pragmatic Bookshelf},
   isbn =      {1680506978,9781680506976},
   year =      {2020},
   series =    {},
   edition =   {1},
   volume =    {},
   url =       {http://gen.lib.rus.ec/book/index.php?md5=DA023A375B81251731C887801B7D1A02}
}

@masterdthesis{bib21,
  type        = {Bachelor's thesis},
  author      = {Pérez Guerrero, Jesús},
  school      = {Universidad de Sevilla},
  title       = {Redes Recurrentes},
  url         = {https://idus.us.es/bitstream/handle/11441/115230/TFG%20DGMyE%20P%c3%a9rez%20Guerrero%2c%20Jes%c3%bas.pdf?sequence=1&isAllowed=y},
  year        = {2020}
}

@article{bib22,
	title = {Redes neuronales recurrentes para el análisis de secuencias},
	issn = {1994-1536},
	url = {https://www.redalyc.org/articulo.oa?id=378343634004},
	language = {Español},
	journal = {Revista Cubana de Ciencias Informáticas},
	author = {Bonet Cruz, Isis  and Salazar Martínez, Sain and Rodríguez Abed, Abdel and Grau Ábalo, Ricardo and García Lorenzo, Maria Matilde},
	year = {2007}
}

@masterthesis{bib23,
  author      = {Matrínez Sastre, Rúben},
  school      = {Universidad Autonoma de Madrid},
  title       = {Redes Neuronales Recurrentes para la  predicción de energia eólica y Fotovoltaica},
  year        = {2021},
  url = {https://repositorio.uam.es/bitstream/handle/10486/700222/martinez_sastre_ruben_tfm.pdf?sequence=1&isAllowed=y}
}

@masterthesis{bib24,
  author      = {Arana, Carlos},
  school      = {Universidad del CEMA},
  title       = {Redes Neuronales Recurrentes: Análisis de los modelos especializados en datos secuenciales},
  year        = {2021},
  url = {https://ucema.edu.ar/publicaciones/download/documentos/797.pdf}
}
